@article{bower1970learning,
  year={1970},
  issn={0033-3131},
  journal={Psychonomic Science},
  volume={20},
  number={2},
  doi={10.3758/BF03335632},
  title={Comparison of associative learning strategies},
  url={http://dx.doi.org/10.3758/BF03335632},
  publisher={Springer-Verlag},
  author={Bower, GordonH. and Winzenz, David},
  pages={119-120},
  language={English}
}

@incollection{nagappan2003xprogramming,
  year={2003},
  isbn={978-3-540-40662-4},
  booktitle={Extreme Programming and Agile Methods - XP/Agile Universe 2003},
  volume={2753},
  series={Lecture Notes in Computer Science},
  editor={Maurer, Frank and Wells, Don},
  doi={10.1007/978-3-540-45122-8_21},
  title={Pair Learning: With an Eye Toward Future Success},
  url={http://dx.doi.org/10.1007/978-3-540-45122-8_21},
  publisher={Springer Berlin Heidelberg},
  author={Nagappan, Nachiappan and Williams, Laurie and Wiebe, Eric and Miller, Carol and Balik, Suzanne and Ferzli, Miriam and Petlick, Julie},
  pages={185-198},
  language={English}
}

@INPROCEEDINGS{827023, 
author={Williams, L.A. and Kessler, R.R.}, 
booktitle={Software Engineering Education amp; Training, 2000. Proceedings. 13th Conference on}, 
title={The effects of "pair-pressure" and "pair-learning" on software engineering education}, 
year={2000}, 
pages={59-65}, 
keywords={computer science education;educational courses;information resources;software engineering;teaching;University of Utah;Web programming;collaborative programming;educational course;pair programming;pair-learning;pair-pressure;programmers;software engineering education;students;teaching;Algorithm design and analysis;Collaborative work;Control engineering education;Educational programs;Keyboards;Mice;Performance evaluation;Programming profession;Software engineering;Testing}, 
doi={10.1109/CSEE.2000.827023}, 
ISSN={1093-0175}, 
month={March},}

@book{barkley2014collaborative,
  title={Collaborative learning techniques: A handbook for college faculty},
  author={Barkley, Elizabeth F and Cross, K Patricia and Major, Claire Howell},
  year={2014},
  publisher={John Wiley \& Sons},
  url={https://books.google.co.uk/books?id=S82LAwAAQBAJ\&lpg=PP1\&ots=rw5yd3lecg\&dq=Barkley%2\C%20Elizabeth%20et%20al.%20(2005).%20Collaborative%20learning%20techniques%3A%20A%20handbook%20for%20college%20faculty.%20Jossey-Bass.\&lr\&pg=PA5#v=onepage\&q\&f=false}
}
